<record xmlns="http://www.loc.gov/MARC21/slim" xmlns:xsi="http://www.w3.org/2001/XMLSchema-instance" xsi:schemaLocation="http://www.loc.gov/MARC21/slim http://www.loc.gov/standards/marcxml/schema/MARC21slim.xsd"><leader>00865cz   2200229n  4500</leader><controlfield tag="001">oca00391100 </controlfield><controlfield tag="005">20001214053122.0</controlfield><controlfield tag="008">800320n| acannaab|          |a aaa      </controlfield><datafield ind1=" " ind2=" " tag="010"><subfield code="a">n  80008542 </subfield></datafield><datafield ind1=" " ind2=" " tag="040"><subfield code="a">DLC</subfield><subfield code="c">DLC</subfield><subfield code="d">InU</subfield><subfield code="d">DLC</subfield><subfield code="d">Uk</subfield></datafield><datafield ind1="1" ind2=" " tag="100"><subfield code="a">Prodromus, Theodore</subfield></datafield><datafield ind1="0" ind2=" " tag="400"><subfield code="a">Theodoros Prodromos</subfield></datafield><datafield ind1="0" ind2=" " tag="400"><subfield code="a">Cyrus Theodorus Prodromus</subfield></datafield><datafield ind1="0" ind2=" " tag="400"><subfield code="a">Theodorus Prodromus</subfield></datafield><datafield ind1="1" ind2=" " tag="400"><subfield code="a">Prodromos, Theodoros</subfield></datafield><datafield ind1="1" ind2=" " tag="400"><subfield code="a">Prodrom, Feodor</subfield></datafield><datafield ind1="0" ind2=" " tag="400"><subfield code="a">Ptochoprodromus</subfield></datafield><datafield ind1="1" ind2=" " tag="400"><subfield code="a">Prodromus, Theodorus,</subfield><subfield code="d">12th cent.</subfield><subfield code="w">nnaa</subfield></datafield><datafield ind1="1" ind2=" " tag="400"><subfield code="a">Prodromo, Teodoro</subfield></datafield><datafield ind1=" " ind2=" " tag="670"><subfield code="a">His Theodori Prodromi commentario ...</subfield></datafield><datafield ind1=" " ind2=" " tag="670"><subfield code="a">Il Romanzo bizantino del XII secolo, 1994:</subfield><subfield code="b">t.p. (Teodoro Prodromo)</subfield></datafield><datafield ind1=" " ind2=" " tag="670"><subfield code="a">Rhodanthe und Dosikles, 1996:</subfield><subfield code="b">t.p. (Theodoros Prodromos) p. 1 (b. ca. 1100 in Constantinople; d. between 1156 and 1158; late in life, he took the monk's name Nikolaos)</subfield></datafield></record>